<record><leader>00000cas a22000007a 4500</leader><controlfield tag="001">19964428</controlfield><controlfield tag="008">890705d18881975mouwr ne      0    0eng d</controlfield><datafield ind1=" " ind2=" " tag="010"><subfield code="a">sn 89066638 </subfield></datafield><datafield ind1=" " ind2=" " tag="040"><subfield code="a">MQN</subfield><subfield code="b">eng</subfield><subfield code="c">MQN</subfield><subfield code="d">OCLCQ</subfield></datafield><datafield ind1=" " ind2=" " tag="042"><subfield code="a">msc</subfield></datafield><datafield ind1="0" ind2="4" tag="245"><subfield code="a">The Perry enterprise.</subfield></datafield><datafield ind1=" " ind2=" " tag="260"><subfield code="a">Perry, Ralls County, Mo. :</subfield><subfield code="b">DeWitt Masters,</subfield><subfield code="c">-1975.</subfield></datafield><datafield ind1=" " ind2=" " tag="300"><subfield code="a">v.</subfield></datafield><datafield ind1=" " ind2=" " tag="310"><subfield code="a">Weekly</subfield></datafield><datafield ind1="1" ind2=" " tag="362"><subfield code="a">Began in 1888?</subfield></datafield><datafield ind1="0" ind2=" " tag="362"><subfield code="a">-v. 88, no. 42 (Mar. 27, 1975).</subfield></datafield><datafield ind1=" " ind2=" " tag="588"><subfield code="a">Description based on: Vol. 12, no. 10 (Jan. 4, 1900).</subfield></datafield><datafield ind1=" " ind2=" " tag="752"><subfield code="a">United States</subfield><subfield code="b">Missouri</subfield><subfield code="c">Ralls</subfield><subfield code="d">Perry.</subfield></datafield><datafield ind1="0" ind2="0" tag="785"><subfield code="t">Twainland enterprise</subfield><subfield code="w">(DLC)sn 89066639</subfield></datafield></record>